@INPROCEEDINGS{audard2014:ppvi,
       author = {{Audard}, M. and {{\'A}brah{\'a}m}, P. and {Dunham}, M.~M. and
         {Green}, J.~D. and {Grosso}, N. and {Hamaguchi}, K. and
         {Kastner}, J.~H. and {K{\'o}sp{\'a}l}, {\'A}. and {Lodato}, G. and
         {Romanova}, M.~M. and {Skinner}, S.~L. and {Vorobyov}, E.~I. and
         {Zhu}, Z.},
        title = "{Episodic Accretion in Young Stars}",
     keywords = {Astrophysics - Solar and Stellar Astrophysics, Astrophysics - Astrophysics of Galaxies},
    booktitle = {Protostars and Planets VI},
         year = 2014,
       editor = {{Beuther}, Henrik and {Klessen}, Ralf S. and {Dullemond}, Cornelis P. and
         {Henning}, Thomas},
        month = jan,
        pages = {387},
          doi = {10.2458/azu_uapress_9780816531240-ch017},
archivePrefix = {arXiv},
       eprint = {1401.3368},
 primaryClass = {astro-ph.SR},
       adsurl = {https://ui.adsabs.harvard.edu/abs/2014prpl.conf..387A},
      adsnote = {Provided by the SAO/NASA Astrophysics Data System}
}

@ARTICLE{dunham2012:hbc722,
       author = {{Dunham}, Michael M. and {Arce}, H{\'e}ctor G. and {Bourke}, Tyler L. and
         {Chen}, Xuepeng and {van Kempen}, Tim A. and {Green}, Joel D.},
        title = "{Revealing the Millimeter Environment of the New FU Orionis Candidate HBC722 with the Submillimeter Array}",
      journal = {\apj},
     keywords = {ISM: individual objects: HBC722, ISM: jets and outflows, stars: flare, stars: formation, stars: low-mass, stars: protostars, stars: variables: T Tauri, Herbig Ae/Be, Astrophysics - Astrophysics of Galaxies},
         year = 2012,
        month = aug,
       volume = {755},
       number = {2},
          eid = {157},
        pages = {157},
          doi = {10.1088/0004-637X/755/2/157},
archivePrefix = {arXiv},
       eprint = {1206.4730},
 primaryClass = {astro-ph.GA},
       adsurl = {https://ui.adsabs.harvard.edu/abs/2012ApJ...755..157D},
      adsnote = {Provided by the SAO/NASA Astrophysics Data System}
}

@INPROCEEDINGS{petry2014:alma,
       author = {{Petry}, Dirk and {Vila-Vilaro}, Baltasar and {Villard}, Eric and
         {Komugi}, Shinya and {Schnee}, Scott},
        title = "{ALMA service data analysis and level 2 quality assurance with CASA}",
     keywords = {Astrophysics - Instrumentation and Methods for Astrophysics},
    booktitle = {Software and Cyberinfrastructure for Astronomy III},
         year = 2014,
       series = {Society of Photo-Optical Instrumentation Engineers (SPIE) Conference Series},
       volume = {9152},
        month = jul,
          eid = {91520J},
        pages = {91520J},
          doi = {10.1117/12.2054715},
archivePrefix = {arXiv},
       eprint = {1407.7142},
 primaryClass = {astro-ph.IM},
       adsurl = {https://ui.adsabs.harvard.edu/abs/2014SPIE.9152E..0JP},
      adsnote = {Provided by the SAO/NASA Astrophysics Data System}
}

@INPROCEEDINGS{schnee2014:alma,
       author = {{Schnee}, Scott L. and {Brogan}, Crystal and {Espada}, Daniel and
         {Humphreys}, Elizabeth and {Komugi}, Shinya and {Petry}, Dirk and
         {Vila-Vilaro}, Baltasar and {Villard}, Eric},
        title = "{The human pipeline: distributed data reduction for ALMA}",
     keywords = {Astrophysics - Instrumentation and Methods for Astrophysics},
    booktitle = {Observatory Operations: Strategies, Processes, and Systems V},
         year = 2014,
       series = {Society of Photo-Optical Instrumentation Engineers (SPIE) Conference Series},
       volume = {9149},
        month = aug,
          eid = {91490Z},
        pages = {91490Z},
          doi = {10.1117/12.2057940},
archivePrefix = {arXiv},
       eprint = {1407.1770},
 primaryClass = {astro-ph.IM},
       adsurl = {https://ui.adsabs.harvard.edu/abs/2014SPIE.9149E..0ZS},
      adsnote = {Provided by the SAO/NASA Astrophysics Data System}
}

@INPROCEEDINGS{reipurthaspin2010:fuors,
       author = {{Reipurth}, Bo and {Aspin}, Colin},
        title = "{FUors and Early Stellar Evolution}",
    booktitle = {Evolution of Cosmic Objects through their Physical Activity},
         year = 2010,
       editor = {{Harutyunian}, H.~A. and {Mickaelian}, A.~M. and {Terzian}, Y.},
        month = nov,
        pages = {19-38},
       adsurl = {https://ui.adsabs.harvard.edu/abs/2010vaoa.conf...19R},
      adsnote = {Provided by the SAO/NASA Astrophysics Data System}
}

@ARTICLE{hartmann1985:fuors,
       author = {{Hartmann}, L. and {Kenyon}, S.~J.},
        title = "{On the nature of FU Orionis objects.}",
      journal = {\apj},
     keywords = {Pre-Main Sequence Stars, Stellar Mass Accretion, Stellar Mass Ejection, Stellar Spectrophotometry, Variable Stars, Accretion Disks, Binary Stars, High Resolution, Line Spectra, Radial Velocity, Stellar Color, Astrophysics},
         year = 1985,
        month = dec,
       volume = {299},
        pages = {462-478},
          doi = {10.1086/163713},
       adsurl = {https://ui.adsabs.harvard.edu/abs/1985ApJ...299..462H},
      adsnote = {Provided by the SAO/NASA Astrophysics Data System}
}

@ARTICLE{hartmann1996:fuors,
       author = {{Hartmann}, Lee and {Kenyon}, Scott J.},
        title = "{The FU Orionis Phenomenon}",
      journal = {\araa},
         year = 1996,
        month = jan,
       volume = {34},
        pages = {207-240},
          doi = {10.1146/annurev.astro.34.1.207},
       adsurl = {https://ui.adsabs.harvard.edu/abs/1996ARA&A..34..207H},
      adsnote = {Provided by the SAO/NASA Astrophysics Data System}
}

@INPROCEEDINGS{dunham2014:ppvi,
       author = {{Dunham}, M.~M. and {Stutz}, A.~M. and {Allen}, L.~E. and
         {Evans}, N.~J., II and {Fischer}, W.~J. and {Megeath}, S.~T. and
         {Myers}, P.~C. and {Offner}, S.~S.~R. and {Poteet}, C.~A. and
         {Tobin}, J.~J. and {Vorobyov}, E.~I.},
        title = "{The Evolution of Protostars: Insights from Ten Years of Infrared Surveys with Spitzer and Herschel}",
     keywords = {Astrophysics - Astrophysics of Galaxies},
    booktitle = {Protostars and Planets VI},
         year = 2014,
       editor = {{Beuther}, Henrik and {Klessen}, Ralf S. and {Dullemond}, Cornelis P. and
         {Henning}, Thomas},
        month = jan,
        pages = {195},
          doi = {10.2458/azu_uapress_9780816531240-ch009},
archivePrefix = {arXiv},
       eprint = {1401.1809},
 primaryClass = {astro-ph.GA},
       adsurl = {https://ui.adsabs.harvard.edu/abs/2014prpl.conf..195D},
      adsnote = {Provided by the SAO/NASA Astrophysics Data System}
}

@ARTICLE{ossenkopf1994:oh5,
       author = {{Ossenkopf}, V. and {Henning}, Th.},
        title = "{Dust opacities for protostellar cores.}",
      journal = {\aap},
     keywords = {Coagulation, Dust, Opacity, Protostars, Star Formation, Stellar Cores, Stellar Models, Absorptivity, Gas Density, Infrared Astronomy, Interstellar Extinction, Optical Properties, Radio Astronomy, Stellar Composition, Astrophysics, ISM: DUST, EXTINCTION, INFRARED: INTERSTELLAR: CONTINUUM, RADIO CONTINUUM: INTERSTELLAR, STARS: FORMATION},
         year = 1994,
        month = nov,
       volume = {291},
        pages = {943-959},
       adsurl = {https://ui.adsabs.harvard.edu/abs/1994A&A...291..943O},
      adsnote = {Provided by the SAO/NASA Astrophysics Data System}
}

@ARTICLE{dunham2014:disks,
       author = {{Dunham}, Michael M. and {Vorobyov}, Eduard I. and {Arce}, H{\'e}ctor G.},
        title = "{On the reliability of protostellar disc mass measurements and the existence of fragmenting discs}",
      journal = {\mnras},
     keywords = {protoplanetary discs, stars: formation, Astrophysics - Astrophysics of Galaxies, Astrophysics - Solar and Stellar Astrophysics},
         year = 2014,
        month = oct,
       volume = {444},
       number = {1},
        pages = {887-901},
          doi = {10.1093/mnras/stu1511},
archivePrefix = {arXiv},
       eprint = {1407.6955},
 primaryClass = {astro-ph.GA},
       adsurl = {https://ui.adsabs.harvard.edu/abs/2014MNRAS.444..887D},
      adsnote = {Provided by the SAO/NASA Astrophysics Data System}
}

@ARTICLE{cohen1979:hbc722,
       author = {{Cohen}, M. and {Kuhi}, L.~V.},
        title = "{Observational studies of pre-main-sequence evolution.}",
      journal = {\apjs},
     keywords = {Main Sequence Stars, Stellar Evolution, Stellar Spectra, Stellar Spectrophotometry, Astronomical Catalogs, Binary Stars, Emission Spectra, Hertzsprung-Russell Diagram, Infrared Astronomy, Line Spectra, Optical Scanners, Stellar Luminosity, Stellar Temperature, Astrophysics},
         year = 1979,
        month = dec,
       volume = {41},
        pages = {743-843},
          doi = {10.1086/190641},
       adsurl = {https://ui.adsabs.harvard.edu/abs/1979ApJS...41..743C},
      adsnote = {Provided by the SAO/NASA Astrophysics Data System}
}

@ARTICLE{andrews2005:disks,
       author = {{Andrews}, Sean M. and {Williams}, Jonathan P.},
        title = "{Circumstellar Dust Disks in Taurus-Auriga: The Submillimeter Perspective}",
      journal = {\apj},
     keywords = {Stars: Circumstellar Matter, Stars: Planetary Systems: Protoplanetary Disks, Solar System: Formation, Stars: Pre-Main-Sequence, Astrophysics},
         year = 2005,
        month = oct,
       volume = {631},
       number = {2},
        pages = {1134-1160},
          doi = {10.1086/432712},
archivePrefix = {arXiv},
       eprint = {astro-ph/0506187},
 primaryClass = {astro-ph},
       adsurl = {https://ui.adsabs.harvard.edu/abs/2005ApJ...631.1134A},
      adsnote = {Provided by the SAO/NASA Astrophysics Data System}
}

@ARTICLE{vorobyov2009:disks,
       author = {{Vorobyov}, E.~I.},
        title = "{Disk Masses in the Embedded and T Tauri Phases of Stellar Evolution}",
      journal = {\apj},
     keywords = {circumstellar matter, hydrodynamics, ISM: clouds, planetary systems: protoplanetary disks, stars: formation, Astrophysics},
         year = 2009,
        month = feb,
       volume = {692},
       number = {2},
        pages = {1609-1622},
          doi = {10.1088/0004-637X/692/2/1609},
archivePrefix = {arXiv},
       eprint = {0810.1393},
 primaryClass = {astro-ph},
       adsurl = {https://ui.adsabs.harvard.edu/abs/2009ApJ...692.1609V},
      adsnote = {Provided by the SAO/NASA Astrophysics Data System}
}


@ARTICLE{zucker2020:distances,
       author = {{Zucker}, Catherine and {Speagle}, Joshua S. and {Schlafly}, Edward F. and
         {Green}, Gregory M. and {Finkbeiner}, Douglas P. and {Goodman}, Alyssa and
         {Alves}, Jo{\~a}o},
        title = "{A compendium of distances to molecular clouds in the Star Formation Handbook}",
      journal = {\aap},
     keywords = {local insterstellar matter, solar neighborhood, catalogs, Astrophysics - Astrophysics of Galaxies},
         year = 2020,
        month = jan,
       volume = {633},
          eid = {A51},
        pages = {A51},
          doi = {10.1051/0004-6361/201936145},
archivePrefix = {arXiv},
       eprint = {2001.00591},
 primaryClass = {astro-ph.GA},
       adsurl = {https://ui.adsabs.harvard.edu/abs/2020A&A...633A..51Z},
      adsnote = {Provided by the SAO/NASA Astrophysics Data System}
}

@ARTICLE{kospal2011:hbc722,
       author = {{K{\'o}sp{\'a}l}, {\'A}. and {{\'A}brah{\'a}m}, P. and
         {Acosta-Pulido}, J.~A. and {Ar{\'e}valo Morales}, M.~J. and
         {Carnerero}, M.~I. and {Elek}, E. and {Kelemen}, J. and {Kun}, M. and
         {P{\'a}l}, A. and {Szak{\'a}ts}, R. and {Vida}, K.},
        title = "{The outburst and nature of two young eruptive stars in the North America/Pelican Nebula Complex}",
      journal = {\aap},
     keywords = {stars: formation, infrared: stars, circumstellar matter, Astrophysics - Solar and Stellar Astrophysics},
         year = 2011,
        month = mar,
       volume = {527},
          eid = {A133},
        pages = {A133},
          doi = {10.1051/0004-6361/201016160},
archivePrefix = {arXiv},
       eprint = {1011.4009},
 primaryClass = {astro-ph.SR},
       adsurl = {https://ui.adsabs.harvard.edu/abs/2011A&A...527A.133K},
      adsnote = {Provided by the SAO/NASA Astrophysics Data System}
}

@ARTICLE{kospal2016:hbc722,
       author = {{K{\'o}sp{\'a}l}, {\'A}. and {{\'A}brah{\'a}m}, P. and
         {Acosta-Pulido}, J.~A. and {Dunham}, M.~M. and
         {Garc{\'\i}a-{\'A}lvarez}, D. and {Hogerheijde}, M.~R. and {Kun}, M. and
         {Mo{\'o}r}, A. and {Farkas}, A. and {Hajdu}, G. and {Hodos{\'a}n}, G. and
         {Kov{\'a}cs}, T. and {Kriskovics}, L. and {Marton}, G. and
         {Moln{\'a}r}, L. and {P{\'a}l}, A. and {S{\'a}rneczky}, K. and
         {S{\'o}dor}, {\'A}. and {Szak{\'a}ts}, R. and {Szalai}, T. and
         {Szegedi-Elek}, E. and {Szing}, A. and {T{\'o}th}, I. and {Vida}, K. and
         {Vink{\'o}}, J.},
        title = "{Multiwavelength study of the low-luminosity outbursting young star HBC 722}",
      journal = {\aap},
     keywords = {stars: formation, circumstellar matter, infrared: stars, stars: individual: HBC 722, Astrophysics - Solar and Stellar Astrophysics},
         year = 2016,
        month = nov,
       volume = {596},
          eid = {A52},
        pages = {A52},
          doi = {10.1051/0004-6361/201528061},
archivePrefix = {arXiv},
       eprint = {1607.05925},
 primaryClass = {astro-ph.SR},
       adsurl = {https://ui.adsabs.harvard.edu/abs/2016A&A...596A..52K},
      adsnote = {Provided by the SAO/NASA Astrophysics Data System}
}

